<?xml version="1.0" encoding="UTF-8"?>
<record>
  <leader>-----nas--2200541-a-4500</leader>
  <controlfield tag="001">99370694377006441</controlfield>
  <controlfield tag="005">20240118213020.0</controlfield>
  <controlfield tag="008">871116d19862013sz--x---o-----0----0fre-c</controlfield>
  <datafield tag="016" ind1="7" ind2=" ">
    <subfield code="a">012407313</subfield>
    <subfield code="2">Uk</subfield>
  </datafield>
  <datafield tag="022" ind1=" " ind2=" ">
    <subfield code="a">2697-9098</subfield>
  </datafield>
  <datafield tag="035" ind1=" " ind2=" ">
    <subfield code="a">(DE-599)ZDB3000820-7</subfield>
  </datafield>
  <datafield tag="035" ind1=" " ind2=" ">
    <subfield code="a">(CKB)110978979269138</subfield>
  </datafield>
  <datafield tag="035" ind1=" " ind2=" ">
    <subfield code="a">(CONSER)---89646003-</subfield>
  </datafield>
  <datafield tag="035" ind1=" " ind2=" ">
    <subfield code="a">(EXLCZ)99110978979269138</subfield>
  </datafield>
  <datafield tag="037" ind1=" " ind2=" ">
    <subfield code="b">Editions de la Baconnière SA, case postale 185, CH-2017 Boudry, Switzerland</subfield>
  </datafield>
  <datafield tag="042" ind1=" " ind2=" ">
    <subfield code="a">pcc</subfield>
  </datafield>
  <datafield tag="050" ind1="0" ind2="0">
    <subfield code="a">PQ2605.E55</subfield>
    <subfield code="b">Z632</subfield>
  </datafield>
  <datafield tag="082" ind1="0" ind2="0">
    <subfield code="a">841/.912</subfield>
    <subfield code="2">20</subfield>
  </datafield>
  <datafield tag="222" ind1=" " ind2="0">
    <subfield code="a">Continent Cendrars</subfield>
  </datafield>
  <datafield tag="245" ind1="0" ind2="0">
    <subfield code="a">Continent Cendrars.</subfield>
  </datafield>
  <datafield tag="260" ind1=" " ind2=" ">
    <subfield code="a">Neuchâtel :</subfield>
    <subfield code="b">Baconnière,</subfield>
    <subfield code="c">c1986-</subfield>
  </datafield>
  <datafield tag="260" ind1="3" ind2=" ">
    <subfield code="3">2004- :</subfield>
    <subfield code="a">Paris :</subfield>
    <subfield code="b">Champion</subfield>
  </datafield>
  <datafield tag="300" ind1=" " ind2=" ">
    <subfield code="a">1 online resource</subfield>
  </datafield>
  <datafield tag="310" ind1=" " ind2=" ">
    <subfield code="a">Irregular,</subfield>
    <subfield code="b">&lt;2004-&gt;</subfield>
  </datafield>
  <datafield tag="321" ind1=" " ind2=" ">
    <subfield code="a">Annual</subfield>
  </datafield>
  <datafield tag="336" ind1=" " ind2=" ">
    <subfield code="a">text</subfield>
    <subfield code="b">txt</subfield>
    <subfield code="2">rdacontent</subfield>
  </datafield>
  <datafield tag="362" ind1="0" ind2=" ">
    <subfield code="a">No 1 (1986)-</subfield>
  </datafield>
  <datafield tag="362" ind1="1" ind2=" ">
    <subfield code="a">Ceased with no 15 (2013)?</subfield>
  </datafield>
  <datafield tag="500" ind1=" " ind2=" ">
    <subfield code="a">Some issues have also distinctive titles.</subfield>
  </datafield>
  <datafield tag="550" ind1=" " ind2=" ">
    <subfield code="a">Issued by: Université de Berne, Centre d'études Blaise Cendrars.</subfield>
  </datafield>
  <datafield tag="550" ind1=" " ind2=" ">
    <subfield code="a">Bulletin du Centre d'études Blaise Cendrars (C.E.B.C.) de l'Université de Berne (Suisse), &lt;2008-&gt;</subfield>
  </datafield>
  <datafield tag="580" ind1=" " ind2=" ">
    <subfield code="a">Merged with: Feuille de routes, to form: Constellation Cendrars.</subfield>
  </datafield>
  <datafield tag="588" ind1="1" ind2=" ">
    <subfield code="a">No 15 (2013).</subfield>
  </datafield>
  <datafield tag="600" ind1="1" ind2="0">
    <subfield code="a">Cendrars, Blaise,</subfield>
    <subfield code="d">1887-1961</subfield>
    <subfield code="v">Periodicals.</subfield>
  </datafield>
  <datafield tag="600" ind1="1" ind2="6">
    <subfield code="a">Cendrars, Blaise,</subfield>
    <subfield code="d">1887-1961</subfield>
    <subfield code="v">Périodiques.</subfield>
  </datafield>
  <datafield tag="600" ind1="1" ind2="7">
    <subfield code="a">Cendrars, Blaise,</subfield>
    <subfield code="d">1887-1961</subfield>
    <subfield code="2">fast</subfield>
    <subfield code="0">(OCoLC)fst00046605</subfield>
    <subfield code="1">https://id.oclc.org/worldcat/entity/E39PBJkT4746k7vgxDxGBGMgKd</subfield>
    <subfield code="0">http://id.worldcat.org/fast/46605</subfield>
    <subfield code="B">OCLC-fst00046605</subfield>
  </datafield>
  <datafield tag="655" ind1=" " ind2="7">
    <subfield code="a">Periodicals.</subfield>
    <subfield code="2">fast</subfield>
    <subfield code="0">(OCoLC)fst01411641</subfield>
    <subfield code="0">http://id.worldcat.org/fast/1411641</subfield>
    <subfield code="B">OCLC-fst01411641</subfield>
  </datafield>
  <datafield tag="655" ind1=" " ind2="7">
    <subfield code="a">Periodicals.</subfield>
    <subfield code="2">lcgft</subfield>
    <subfield code="0">http://id.loc.gov/authorities/genreForms/gf2014026139</subfield>
    <subfield code="0">http://id.loc.gov/authorities/genreForms/gf2014026139</subfield>
  </datafield>
  <datafield tag="655" ind1=" " ind2="7">
    <subfield code="a">Periodicals.</subfield>
    <subfield code="2">lcgft</subfield>
  </datafield>
  <datafield tag="776" ind1="0" ind2="8">
    <subfield code="i">Print version:</subfield>
    <subfield code="t">Continent Cendrars.</subfield>
    <subfield code="x">1016-2860</subfield>
    <subfield code="w">(DLC)   89646003</subfield>
    <subfield code="w">(OCoLC)654262960</subfield>
    <subfield code="0">http://worldcat.org/issn/1016-2860</subfield>
  </datafield>
  <datafield tag="710" ind1="2" ind2=" ">
    <subfield code="a">Universität Bern.</subfield>
    <subfield code="b">Centre d'études Blaise Cendrars.</subfield>
  </datafield>
  <datafield tag="853" ind1="0" ind2="0">
    <subfield code="8">1</subfield>
    <subfield code="a">no</subfield>
    <subfield code="i">(year)</subfield>
  </datafield>
  <datafield tag="863" ind1="4" ind2="0">
    <subfield code="8">1</subfield>
    <subfield code="a">&lt;1&gt;-</subfield>
    <subfield code="i">&lt;1986&gt;-</subfield>
    <subfield code="x">provisional</subfield>
  </datafield>
  <datafield tag="906" ind1=" " ind2=" ">
    <subfield code="a">JOURNAL</subfield>
  </datafield>
  <datafield tag="920" ind1=" " ind2=" ">
    <subfield code="a">exl_impl conversion</subfield>
  </datafield>
  <datafield tag="MBD" ind1=" " ind2=" ">
    <subfield code="M">49HBZ_NETWORK</subfield>
    <subfield code="i">99370694377006441</subfield>
    <subfield code="n">HBZ Network</subfield>
  </datafield>
  <datafield tag="MBD" ind1=" " ind2=" ">
    <subfield code="M">49HBZ_WUP</subfield>
    <subfield code="i">9916124983706447</subfield>
    <subfield code="n">Bergische Universität Wuppertal</subfield>
  </datafield>
  <datafield tag="MBD" ind1=" " ind2=" ">
    <subfield code="M">49HBZ_DUE</subfield>
    <subfield code="i">9947609873106443</subfield>
    <subfield code="n">Universität Düsseldorf</subfield>
  </datafield>
  <datafield tag="MBD" ind1=" " ind2=" ">
    <subfield code="M">49HBZ_UKO</subfield>
    <subfield code="i">9910093727908057</subfield>
    <subfield code="n">Universität Koblenz</subfield>
  </datafield>
  <datafield tag="MBD" ind1=" " ind2=" ">
    <subfield code="M">49HBZ_SIE</subfield>
    <subfield code="i">99204625081706462</subfield>
    <subfield code="n">Universität Siegen</subfield>
  </datafield>
  <datafield tag="MBD" ind1=" " ind2=" ">
    <subfield code="M">49HBZ_FUH</subfield>
    <subfield code="i">99381841236506464</subfield>
    <subfield code="n">Fernuniversität Hagen</subfield>
  </datafield>
  <datafield tag="MBD" ind1=" " ind2=" ">
    <subfield code="M">49HBZ_RTU</subfield>
    <subfield code="i">992022242392507476</subfield>
    <subfield code="n">RPTU Kaiserslautern-Landau</subfield>
  </datafield>
  <datafield tag="MBD" ind1=" " ind2=" ">
    <subfield code="M">49HBZ_UBA</subfield>
    <subfield code="i">991025969971506448</subfield>
    <subfield code="n">RWTH Aachen</subfield>
  </datafield>
  <datafield tag="MBD" ind1=" " ind2=" ">
    <subfield code="M">49HBZ_UBT</subfield>
    <subfield code="i">9928096728906470</subfield>
    <subfield code="n">UB Trier</subfield>
  </datafield>
  <datafield tag="MBD" ind1=" " ind2=" ">
    <subfield code="M">49HBZ_ULB</subfield>
    <subfield code="i">991045554488706467</subfield>
    <subfield code="n">Universitaet Bonn</subfield>
  </datafield>
  <datafield tag="MBD" ind1=" " ind2=" ">
    <subfield code="M">49HBZ_BIE</subfield>
    <subfield code="i">991026050563606442</subfield>
    <subfield code="n">Universität Bielefeld</subfield>
  </datafield>
  <datafield tag="MBD" ind1=" " ind2=" ">
    <subfield code="M">49HBZ_UBO</subfield>
    <subfield code="i">991027803652006471</subfield>
    <subfield code="n">Universität Bochum</subfield>
  </datafield>
  <datafield tag="MBD" ind1=" " ind2=" ">
    <subfield code="M">49HBZ_UDE</subfield>
    <subfield code="i">99206362579306446</subfield>
    <subfield code="n">Universität Duisburg-Essen</subfield>
  </datafield>
  <datafield tag="MNG" ind1=" " ind2=" ">
    <subfield code="c">system</subfield>
    <subfield code="f">CKB</subfield>
    <subfield code="i">marc21</subfield>
    <subfield code="l">85</subfield>
    <subfield code="e">false</subfield>
    <subfield code="d">2026-02-03 01:06:31 Europe/Berlin</subfield>
    <subfield code="g">99110978979269138</subfield>
    <subfield code="a">CKB</subfield>
    <subfield code="b">2021-04-19 22:27:13 Europe/Berlin</subfield>
  </datafield>
  <datafield tag="POR" ind1=" " ind2=" ">
    <subfield code="j">EZB-NALJE-01986 - JSTOR Archival Journals and Primary Sources Collection</subfield>
    <subfield code="x">System</subfield>
    <subfield code="a">53197744900006447</subfield>
    <subfield code="M">49HBZ_WUP</subfield>
    <subfield code="p">61197458440006447</subfield>
    <subfield code="q">EZB-NALJE-01986 - JSTOR Archival Journals and Primary Sources Collection</subfield>
    <subfield code="c">param</subfield>
    <subfield code="o">615400000000000789</subfield>
    <subfield code="y">2025-10-30 09:05:26 Europe/Berlin</subfield>
    <subfield code="w">2025-10-30 09:05:26 Europe/Berlin</subfield>
    <subfield code="D">https://eu04.alma.exlibrisgroup.com/view/uresolver/49HBZ_NETWORK/openurl?u.ignore_date_coverage=true&amp;portfolio_pid=53197744900006447&amp;Force_direct=true</subfield>
    <subfield code="v">System</subfield>
    <subfield code="z">2025-10-30 08:05:26</subfield>
    <subfield code="n"> Available from 1986 volume: 1 until 2013 volume: 15.</subfield>
    <subfield code="i">false</subfield>
    <subfield code="S">62197458430006447</subfield>
    <subfield code="d">https://hbz-network.userservices.exlibrisgroup.com/view/uresolver/49HBZ_NETWORK/openurl?u.ignore_date_coverage=true&amp;rft.mms_id=9916124983706447</subfield>
    <subfield code="b">Available</subfield>
    <subfield code="f">JOURNAL</subfield>
    <subfield code="8">53197744900006447</subfield>
  </datafield>
  <datafield tag="POC" ind1=" " ind2=" ">
    <subfield code="a">53197744900006447</subfield>
    <subfield code="b">1986</subfield>
    <subfield code="c">2013</subfield>
    <subfield code="d">1</subfield>
    <subfield code="e">12</subfield>
    <subfield code="f">1</subfield>
    <subfield code="g">31</subfield>
    <subfield code="h">1</subfield>
    <subfield code="i">15</subfield>
  </datafield>
  <datafield tag="POR" ind1=" " ind2=" ">
    <subfield code="j">EZB-NALJE-01986 - JSTOR Archival Journals and Primary Sources Collection</subfield>
    <subfield code="x">System</subfield>
    <subfield code="a">53177881560006464</subfield>
    <subfield code="h">DEFAULT</subfield>
    <subfield code="M">49HBZ_FUH</subfield>
    <subfield code="p">61177797850006464</subfield>
    <subfield code="q">EZB-NALJE-01986 - JSTOR Archival Journals and Primary Sources Collection</subfield>
    <subfield code="c">param</subfield>
    <subfield code="o">615400000000000789</subfield>
    <subfield code="y">2026-01-16 06:24:30 Europe/Berlin</subfield>
    <subfield code="w">2026-01-16 06:24:30 Europe/Berlin</subfield>
    <subfield code="D">https://eu04.alma.exlibrisgroup.com/view/uresolver/49HBZ_NETWORK/openurl?u.ignore_date_coverage=true&amp;portfolio_pid=53177881560006464&amp;Force_direct=true</subfield>
    <subfield code="v">System</subfield>
    <subfield code="z">2026-01-16 05:24:30</subfield>
    <subfield code="n"> Available from 1986 volume: 1 until 2013 volume: 15.</subfield>
    <subfield code="i">true</subfield>
    <subfield code="S">62177797840006464</subfield>
    <subfield code="d">https://hbz-network.userservices.exlibrisgroup.com/view/uresolver/49HBZ_NETWORK/openurl?u.ignore_date_coverage=true&amp;rft.mms_id=99381841236506464</subfield>
    <subfield code="b">Available</subfield>
    <subfield code="f">JOURNAL</subfield>
    <subfield code="8">53177881560006464</subfield>
  </datafield>
  <datafield tag="POC" ind1=" " ind2=" ">
    <subfield code="a">53177881560006464</subfield>
    <subfield code="b">1986</subfield>
    <subfield code="c">2013</subfield>
    <subfield code="d">1</subfield>
    <subfield code="e">12</subfield>
    <subfield code="f">1</subfield>
    <subfield code="g">31</subfield>
    <subfield code="h">1</subfield>
    <subfield code="i">15</subfield>
  </datafield>
  <datafield tag="POR" ind1=" " ind2=" ">
    <subfield code="j">EZB-NALJE-01986 - JSTOR Archival Journals and Primary Sources Collection</subfield>
    <subfield code="x">System</subfield>
    <subfield code="a">53143593480007476</subfield>
    <subfield code="M">49HBZ_RTU</subfield>
    <subfield code="p">61143508930007476</subfield>
    <subfield code="q">EZB-NALJE-01986 - JSTOR Archival Journals and Primary Sources Collection</subfield>
    <subfield code="c">param</subfield>
    <subfield code="o">615400000000000789</subfield>
    <subfield code="y">2025-09-30 01:14:41 Europe/Berlin</subfield>
    <subfield code="w">2025-09-16 19:35:19 Europe/Berlin</subfield>
    <subfield code="D">https://eu04.alma.exlibrisgroup.com/view/uresolver/49HBZ_NETWORK/openurl?u.ignore_date_coverage=true&amp;portfolio_pid=53143593480007476&amp;Force_direct=true</subfield>
    <subfield code="v">System</subfield>
    <subfield code="z">2025-09-16 17:35:19</subfield>
    <subfield code="n"> Available from 1986 volume: 1 until 2013 volume: 15.</subfield>
    <subfield code="i">false</subfield>
    <subfield code="t">POL-2024-9266</subfield>
    <subfield code="S">62143508920007476</subfield>
    <subfield code="d">https://hbz-network.userservices.exlibrisgroup.com/view/uresolver/49HBZ_NETWORK/openurl?u.ignore_date_coverage=true&amp;rft.mms_id=992022242392507476</subfield>
    <subfield code="b">Available</subfield>
    <subfield code="f">JOURNAL</subfield>
    <subfield code="8">53143593480007476</subfield>
  </datafield>
  <datafield tag="POC" ind1=" " ind2=" ">
    <subfield code="a">53143593480007476</subfield>
    <subfield code="b">1986</subfield>
    <subfield code="c">2013</subfield>
    <subfield code="d">1</subfield>
    <subfield code="e">12</subfield>
    <subfield code="f">1</subfield>
    <subfield code="g">31</subfield>
    <subfield code="h">1</subfield>
    <subfield code="i">15</subfield>
  </datafield>
  <datafield tag="POR" ind1=" " ind2=" ">
    <subfield code="j">EZB-NALJE-01986 - JSTOR Archival Journals and Primary Sources Collection</subfield>
    <subfield code="x">System</subfield>
    <subfield code="a">53386324920006470</subfield>
    <subfield code="M">49HBZ_UBT</subfield>
    <subfield code="p">61386268550006470</subfield>
    <subfield code="q">EZB-NALJE-01986 - JSTOR Archival Journals and Primary Sources Collection</subfield>
    <subfield code="c">param</subfield>
    <subfield code="o">615400000000000789</subfield>
    <subfield code="y">2025-09-30 00:42:22 Europe/Berlin</subfield>
    <subfield code="w">2025-06-06 11:42:48 Europe/Berlin</subfield>
    <subfield code="D">https://eu04.alma.exlibrisgroup.com/view/uresolver/49HBZ_NETWORK/openurl?u.ignore_date_coverage=true&amp;portfolio_pid=53386324920006470&amp;Force_direct=true</subfield>
    <subfield code="v">System</subfield>
    <subfield code="z">2025-06-06 09:42:48</subfield>
    <subfield code="n"> Available from 1986 volume: 1 until 2013 volume: 15.</subfield>
    <subfield code="i">false</subfield>
    <subfield code="S">62386268540006470</subfield>
    <subfield code="d">https://hbz-network.userservices.exlibrisgroup.com/view/uresolver/49HBZ_NETWORK/openurl?u.ignore_date_coverage=true&amp;rft.mms_id=9928096728906470</subfield>
    <subfield code="b">Available</subfield>
    <subfield code="f">JOURNAL</subfield>
    <subfield code="8">53386324920006470</subfield>
  </datafield>
  <datafield tag="POC" ind1=" " ind2=" ">
    <subfield code="a">53386324920006470</subfield>
    <subfield code="b">1986</subfield>
    <subfield code="c">2013</subfield>
    <subfield code="d">1</subfield>
    <subfield code="e">12</subfield>
    <subfield code="f">1</subfield>
    <subfield code="g">31</subfield>
    <subfield code="h">1</subfield>
    <subfield code="i">15</subfield>
  </datafield>
  <datafield tag="POR" ind1=" " ind2=" ">
    <subfield code="j">EZB-NALJE-01986 - JSTOR Archival Journals and Primary Sources Collection</subfield>
    <subfield code="x">System</subfield>
    <subfield code="a">53416330580006467</subfield>
    <subfield code="M">49HBZ_ULB</subfield>
    <subfield code="p">61416160330006467</subfield>
    <subfield code="q">EZB-NALJE-01986 - JSTOR Archival Journals and Primary Sources Collection</subfield>
    <subfield code="c">param</subfield>
    <subfield code="o">615400000000000789</subfield>
    <subfield code="y">2025-09-30 00:41:56 Europe/Berlin</subfield>
    <subfield code="w">2025-04-29 09:36:53 Europe/Berlin</subfield>
    <subfield code="D">https://eu04.alma.exlibrisgroup.com/view/uresolver/49HBZ_NETWORK/openurl?u.ignore_date_coverage=true&amp;portfolio_pid=53416330580006467&amp;Force_direct=true</subfield>
    <subfield code="v">System</subfield>
    <subfield code="z">2025-04-29 07:36:53</subfield>
    <subfield code="n"> Available from 1986 volume: 1 until 2013 volume: 15.</subfield>
    <subfield code="i">false</subfield>
    <subfield code="t">POL-22941</subfield>
    <subfield code="S">62416160320006467</subfield>
    <subfield code="d">https://hbz-network.userservices.exlibrisgroup.com/view/uresolver/49HBZ_NETWORK/openurl?u.ignore_date_coverage=true&amp;rft.mms_id=991045554488706467</subfield>
    <subfield code="b">Available</subfield>
    <subfield code="f">JOURNAL</subfield>
    <subfield code="8">53416330580006467</subfield>
  </datafield>
  <datafield tag="POC" ind1=" " ind2=" ">
    <subfield code="a">53416330580006467</subfield>
    <subfield code="b">1986</subfield>
    <subfield code="c">2013</subfield>
    <subfield code="d">1</subfield>
    <subfield code="e">12</subfield>
    <subfield code="f">1</subfield>
    <subfield code="g">31</subfield>
    <subfield code="h">1</subfield>
    <subfield code="i">15</subfield>
  </datafield>
  <datafield tag="POR" ind1=" " ind2=" ">
    <subfield code="j">JSTOR</subfield>
    <subfield code="x">System</subfield>
    <subfield code="a">53360323490006442</subfield>
    <subfield code="M">49HBZ_BIE</subfield>
    <subfield code="p">61359450570006442</subfield>
    <subfield code="r">JSTOR Archive Collections</subfield>
    <subfield code="q">JSTOR Archive and Primary Source Collection (JAPSC)</subfield>
    <subfield code="c">param</subfield>
    <subfield code="o">61111034808820000</subfield>
    <subfield code="y">2023-11-28 11:41:04 Europe/Berlin</subfield>
    <subfield code="w">2023-11-28 11:41:04 Europe/Berlin</subfield>
    <subfield code="D">https://eu04.alma.exlibrisgroup.com/view/uresolver/49HBZ_NETWORK/openurl?u.ignore_date_coverage=true&amp;portfolio_pid=53360323490006442&amp;Force_direct=true</subfield>
    <subfield code="s">JSTOR Archive Collections</subfield>
    <subfield code="v">System</subfield>
    <subfield code="z">2023-11-28 10:41:04</subfield>
    <subfield code="n"> Available from 01/01/1986 issue: 1 until 31/01/2013 issue: 15.</subfield>
    <subfield code="i">false</subfield>
    <subfield code="t">BIE-39180</subfield>
    <subfield code="S">62359450560006442</subfield>
    <subfield code="d">https://hbz-network.userservices.exlibrisgroup.com/view/uresolver/49HBZ_NETWORK/openurl?u.ignore_date_coverage=true&amp;rft.mms_id=991026050563606442</subfield>
    <subfield code="b">Available</subfield>
    <subfield code="f">JOURNAL</subfield>
    <subfield code="8">53360323490006442</subfield>
  </datafield>
  <datafield tag="POC" ind1=" " ind2=" ">
    <subfield code="a">53360323490006442</subfield>
    <subfield code="b">1986</subfield>
    <subfield code="c">2013</subfield>
    <subfield code="d">1</subfield>
    <subfield code="e">1</subfield>
    <subfield code="f">1</subfield>
    <subfield code="g">31</subfield>
    <subfield code="j">1</subfield>
    <subfield code="k">15</subfield>
  </datafield>
  <datafield tag="POR" ind1=" " ind2=" ">
    <subfield code="j">EZB-NALJE-01986 - JSTOR Archival Journals and Primary Sources Collection</subfield>
    <subfield code="x">System</subfield>
    <subfield code="a">53212132370006471</subfield>
    <subfield code="M">49HBZ_UBO</subfield>
    <subfield code="p">61212026910006471</subfield>
    <subfield code="q">EZB-NALJE-01986 - JSTOR Archival Journals and Primary Sources Collection</subfield>
    <subfield code="c">param</subfield>
    <subfield code="o">615400000000000789</subfield>
    <subfield code="y">2025-09-30 00:17:55 Europe/Berlin</subfield>
    <subfield code="w">2025-05-20 11:08:24 Europe/Berlin</subfield>
    <subfield code="D">https://eu04.alma.exlibrisgroup.com/view/uresolver/49HBZ_NETWORK/openurl?u.ignore_date_coverage=true&amp;portfolio_pid=53212132370006471&amp;Force_direct=true</subfield>
    <subfield code="v">System</subfield>
    <subfield code="z">2025-05-20 09:08:24</subfield>
    <subfield code="n"> Available from 1986 volume: 1 until 2013 volume: 15.</subfield>
    <subfield code="i">false</subfield>
    <subfield code="t">POL-2350</subfield>
    <subfield code="S">62212026900006471</subfield>
    <subfield code="d">https://hbz-network.userservices.exlibrisgroup.com/view/uresolver/49HBZ_NETWORK/openurl?u.ignore_date_coverage=true&amp;rft.mms_id=991027803652006471</subfield>
    <subfield code="b">Available</subfield>
    <subfield code="f">JOURNAL</subfield>
    <subfield code="8">53212132370006471</subfield>
  </datafield>
  <datafield tag="POC" ind1=" " ind2=" ">
    <subfield code="a">53212132370006471</subfield>
    <subfield code="b">1986</subfield>
    <subfield code="c">2013</subfield>
    <subfield code="d">1</subfield>
    <subfield code="e">12</subfield>
    <subfield code="f">1</subfield>
    <subfield code="g">31</subfield>
    <subfield code="h">1</subfield>
    <subfield code="i">15</subfield>
  </datafield>
  <datafield tag="POR" ind1=" " ind2=" ">
    <subfield code="j">EZB-NALJE-01986 - JSTOR Archival Journals and Primary Sources Collection</subfield>
    <subfield code="x">System</subfield>
    <subfield code="a">53496804280006446</subfield>
    <subfield code="M">49HBZ_UDE</subfield>
    <subfield code="k">Zugriff für autorisierte Nutzer:innen</subfield>
    <subfield code="p">61496699530006446</subfield>
    <subfield code="q">JSTOR Archival Journals and Primary Sources Collection</subfield>
    <subfield code="c">param</subfield>
    <subfield code="o">615400000000000789</subfield>
    <subfield code="y">2025-09-30 00:31:41 Europe/Berlin</subfield>
    <subfield code="w">2025-02-26 15:17:27 Europe/Berlin</subfield>
    <subfield code="D">https://eu04.alma.exlibrisgroup.com/view/uresolver/49HBZ_NETWORK/openurl?u.ignore_date_coverage=true&amp;portfolio_pid=53496804280006446&amp;Force_direct=true</subfield>
    <subfield code="v">System</subfield>
    <subfield code="z">2025-02-26 14:17:27</subfield>
    <subfield code="n"> Available from 1986 volume: 1 until 2013 volume: 15.</subfield>
    <subfield code="i">false</subfield>
    <subfield code="t">NBMZ135</subfield>
    <subfield code="S">62496699520006446</subfield>
    <subfield code="d">https://hbz-network.userservices.exlibrisgroup.com/view/uresolver/49HBZ_NETWORK/openurl?u.ignore_date_coverage=true&amp;rft.mms_id=99206362579306446</subfield>
    <subfield code="b">Available</subfield>
    <subfield code="f">JOURNAL</subfield>
    <subfield code="8">53496804280006446</subfield>
  </datafield>
  <datafield tag="POC" ind1=" " ind2=" ">
    <subfield code="a">53496804280006446</subfield>
    <subfield code="b">1986</subfield>
    <subfield code="c">2013</subfield>
    <subfield code="d">1</subfield>
    <subfield code="e">12</subfield>
    <subfield code="f">1</subfield>
    <subfield code="g">31</subfield>
    <subfield code="h">1</subfield>
    <subfield code="i">15</subfield>
  </datafield>
  <datafield tag="POR" ind1=" " ind2=" ">
    <subfield code="j">EZB-NALJE-01986 - JSTOR Archival Journals and Primary Sources Collection</subfield>
    <subfield code="x">System</subfield>
    <subfield code="a">53404057650006443</subfield>
    <subfield code="M">49HBZ_DUE</subfield>
    <subfield code="p">61403872250006443</subfield>
    <subfield code="q">EZB-NALJE-01986 - JSTOR Archival Journals and Primary Sources Collection</subfield>
    <subfield code="c">param</subfield>
    <subfield code="o">615400000000000789</subfield>
    <subfield code="y">2025-09-30 00:18:20 Europe/Berlin</subfield>
    <subfield code="w">2025-05-30 10:26:07 Europe/Berlin</subfield>
    <subfield code="D">https://eu04.alma.exlibrisgroup.com/view/uresolver/49HBZ_NETWORK/openurl?u.ignore_date_coverage=true&amp;portfolio_pid=53404057650006443&amp;Force_direct=true</subfield>
    <subfield code="v">System</subfield>
    <subfield code="z">2025-05-30 08:26:07</subfield>
    <subfield code="n"> Available from 1986 volume: 1 until 2013 volume: 15.</subfield>
    <subfield code="i">false</subfield>
    <subfield code="t">ULBD-24-23345</subfield>
    <subfield code="S">62403872240006443</subfield>
    <subfield code="d">https://hbz-network.userservices.exlibrisgroup.com/view/uresolver/49HBZ_NETWORK/openurl?u.ignore_date_coverage=true&amp;rft.mms_id=9947609873106443</subfield>
    <subfield code="b">Available</subfield>
    <subfield code="f">JOURNAL</subfield>
    <subfield code="8">53404057650006443</subfield>
  </datafield>
  <datafield tag="POC" ind1=" " ind2=" ">
    <subfield code="a">53404057650006443</subfield>
    <subfield code="b">1986</subfield>
    <subfield code="c">2013</subfield>
    <subfield code="d">1</subfield>
    <subfield code="e">12</subfield>
    <subfield code="f">1</subfield>
    <subfield code="g">31</subfield>
    <subfield code="h">1</subfield>
    <subfield code="i">15</subfield>
  </datafield>
  <datafield tag="POR" ind1=" " ind2=" ">
    <subfield code="j">JSTOR</subfield>
    <subfield code="x">K5000291</subfield>
    <subfield code="a">5344050290008057</subfield>
    <subfield code="M">49HBZ_UKO</subfield>
    <subfield code="p">6144006090008057</subfield>
    <subfield code="r">LF</subfield>
    <subfield code="q">Jstor Complete Legacy</subfield>
    <subfield code="c">param</subfield>
    <subfield code="o">61111034808820000</subfield>
    <subfield code="y">2025-01-29 08:36:09 Europe/Berlin</subfield>
    <subfield code="w">2023-12-07 15:21:39 Europe/Berlin</subfield>
    <subfield code="D">https://eu04.alma.exlibrisgroup.com/view/uresolver/49HBZ_NETWORK/openurl?u.ignore_date_coverage=true&amp;portfolio_pid=5344050290008057&amp;Force_direct=true</subfield>
    <subfield code="s">A Lizenz fehlt</subfield>
    <subfield code="v">System</subfield>
    <subfield code="z">2023-12-07 14:21:39</subfield>
    <subfield code="n"> Available from 01/01/1986 issue: 1 until 31/01/2013 issue: 15.</subfield>
    <subfield code="i">false</subfield>
    <subfield code="S">6244006080008057</subfield>
    <subfield code="d">https://hbz-network.userservices.exlibrisgroup.com/view/uresolver/49HBZ_NETWORK/openurl?u.ignore_date_coverage=true&amp;rft.mms_id=9910093727908057</subfield>
    <subfield code="b">Available</subfield>
    <subfield code="f">JOURNAL</subfield>
    <subfield code="8">5344050290008057</subfield>
  </datafield>
  <datafield tag="POC" ind1=" " ind2=" ">
    <subfield code="a">5344050290008057</subfield>
    <subfield code="b">1986</subfield>
    <subfield code="c">2013</subfield>
    <subfield code="d">1</subfield>
    <subfield code="e">1</subfield>
    <subfield code="f">1</subfield>
    <subfield code="g">31</subfield>
    <subfield code="j">1</subfield>
    <subfield code="k">15</subfield>
  </datafield>
  <datafield tag="POR" ind1=" " ind2=" ">
    <subfield code="j">JSTOR</subfield>
    <subfield code="x">System</subfield>
    <subfield code="a">53130762530006462</subfield>
    <subfield code="M">49HBZ_SIE</subfield>
    <subfield code="p">61130678570006462</subfield>
    <subfield code="q">JSTOR eJournals</subfield>
    <subfield code="c">param</subfield>
    <subfield code="o">615400000000000789</subfield>
    <subfield code="y">2026-02-16 09:48:12 Europe/Berlin</subfield>
    <subfield code="w">2025-03-11 16:34:58 Europe/Berlin</subfield>
    <subfield code="D">https://eu04.alma.exlibrisgroup.com/view/uresolver/49HBZ_NETWORK/openurl?u.ignore_date_coverage=true&amp;portfolio_pid=53130762530006462&amp;Force_direct=true</subfield>
    <subfield code="v">System</subfield>
    <subfield code="z">2025-03-11 15:34:58</subfield>
    <subfield code="n"> Available from 1986 volume: 1 until 2013 volume: 15.</subfield>
    <subfield code="i">false</subfield>
    <subfield code="t">POL-5449</subfield>
    <subfield code="S">62130678560006462</subfield>
    <subfield code="d">https://hbz-network.userservices.exlibrisgroup.com/view/uresolver/49HBZ_NETWORK/openurl?u.ignore_date_coverage=true&amp;rft.mms_id=99204625081706462</subfield>
    <subfield code="b">Available</subfield>
    <subfield code="f">JOURNAL</subfield>
    <subfield code="8">53130762530006462</subfield>
  </datafield>
  <datafield tag="POC" ind1=" " ind2=" ">
    <subfield code="a">53130762530006462</subfield>
    <subfield code="b">1986</subfield>
    <subfield code="c">2013</subfield>
    <subfield code="d">1</subfield>
    <subfield code="e">12</subfield>
    <subfield code="f">1</subfield>
    <subfield code="g">31</subfield>
    <subfield code="h">1</subfield>
    <subfield code="i">15</subfield>
  </datafield>
  <datafield tag="GPN" ind1="1" ind2=" ">
    <subfield code="a">Sāndrār, Bliz,</subfield>
    <subfield code="d">1887-1961</subfield>
    <subfield code="A">FAST</subfield>
    <subfield code="B">OCLC-fst00046605</subfield>
    <subfield code="C">400</subfield>
  </datafield>
  <datafield tag="GPN" ind1="1" ind2=" ">
    <subfield code="a">Sauser, F. L.</subfield>
    <subfield code="q">(Frédéric Louis),</subfield>
    <subfield code="d">1887-1961</subfield>
    <subfield code="A">FAST</subfield>
    <subfield code="B">OCLC-fst00046605</subfield>
    <subfield code="C">400</subfield>
  </datafield>
  <datafield tag="GPN" ind1="1" ind2=" ">
    <subfield code="a">Sauser, Freddy,</subfield>
    <subfield code="d">1887-1961</subfield>
    <subfield code="A">FAST</subfield>
    <subfield code="B">OCLC-fst00046605</subfield>
    <subfield code="C">400</subfield>
  </datafield>
  <datafield tag="GPN" ind1="1" ind2=" ">
    <subfield code="a">Sauser, Frédéric Louis,</subfield>
    <subfield code="d">1887-1961</subfield>
    <subfield code="A">FAST</subfield>
    <subfield code="B">OCLC-fst00046605</subfield>
    <subfield code="C">400</subfield>
  </datafield>
  <datafield tag="GPN" ind1="1" ind2=" ">
    <subfield code="a">Sozė, Frederik,</subfield>
    <subfield code="d">1887-1961</subfield>
    <subfield code="A">FAST</subfield>
    <subfield code="B">OCLC-fst00046605</subfield>
    <subfield code="C">400</subfield>
  </datafield>
  <datafield tag="GSI" ind1="7" ind2=" ">
    <subfield code="a">http://id.worldcat.org/fast/46605</subfield>
    <subfield code="2">uri</subfield>
    <subfield code="A">FAST</subfield>
    <subfield code="B">OCLC-fst00046605</subfield>
    <subfield code="C">024</subfield>
  </datafield>
  <datafield tag="GSI" ind1="7" ind2=" ">
    <subfield code="a">http://id.worldcat.org/fast/1411641</subfield>
    <subfield code="2">uri</subfield>
    <subfield code="A">FAST</subfield>
    <subfield code="B">OCLC-fst01411641</subfield>
    <subfield code="C">024</subfield>
  </datafield>
</record>
